01REMESSA01COBRANCA       00000000000004374519PACTUAL IMOVEIS E LOCACAO LTDA237BRADESCO       120825        MX1334639                                                                                                                                                                                                                                                                                     000001
100000 000000000000 0009021170031980500000000000000000000036720002020000000003672500000000002            0  01000000367230092500000000015000000000001N120825110000000000000000000000000000000000000000000000000000000000000100031691323268ALEXANDRO ELIAS BENEDETTI               AVENIDA ISAAC POVOAS 1177 POPULARCUIABA             78045440002785789000169  PACTUAL IMOVEIS E LOCACAO LTDA             000002
2JUROS POR DIA DE ATRASO: 0,00                                                   MULTA POR ATRASO: 0,30                                                          DESCONTO DE 0,00 ATE 30.09.2025                                                 BOLETO REF. A: (ALUGUEL DE SALA () R$ 15,00)                                    00000000000000000000000000000000000000       0090211700319805000000036725000003
9                                                                                                                                                                                                                                                                                                                                                                                                         000004
