01REMESSA01COBRANCA       00000000000004505430NASA SECURITIZADORA SA        237BRADESCO       040825        MX9011861                                                                                                                                                                                                                                                                                     000001
10000000000000000000000902117003730520000000000000100308229927   2020021170474008900000000002               0111526/001 31082500000000766590000000001N040825000000000000001280000000000000000000000000000000000000000000000215593959000155SO ONIBUS COM DE PECAS E SERV PARA ONIBUR G 023  RESIDENCIAL ATA VARZEA GRANDE M            78131054001331024000196  SUSPENFIX DIST DE PECAS AUTOMOTIVAS LTDA   000002
10000000000000000000000902117003730520000000000000100308229928   2020021170474009700000000002               0111526/002 30092500000000766710000000001N040825000000000000001280000000000000000000000000000000000000000000000215593959000155SO ONIBUS COM DE PECAS E SERV PARA ONIBUR G 023  RESIDENCIAL ATA VARZEA GRANDE M            78131054001331024000196  SUSPENFIX DIST DE PECAS AUTOMOTIVAS LTDA   000003
10000000000000000000000902117003730520000000000000100308229929   2020021170474010000000000002               0111526/003 30102500000000766700000000001N040825000000000000001280000000000000000000000000000000000000000000000215593959000155SO ONIBUS COM DE PECAS E SERV PARA ONIBUR G 023  RESIDENCIAL ATA VARZEA GRANDE M            78131054001331024000196  SUSPENFIX DIST DE PECAS AUTOMOTIVAS LTDA   000004
10000000000000000000000902117003730520000000000000100308229930   2020021170474011900000000002               0111527/001 31082500000000863180000000001N040825000000000000001440000000000000000000000000000000000000000000000212645277000150PEZAO MOLAS LTDA                        AV AMOS BERNADINO ZANCHET 1080 W  INDUST            78445000001331024000196  SUSPENFIX DIST DE PECAS AUTOMOTIVAS LTDA   000005
10000000000000000000000902117003730520000000000000100308229931   2020021170474012700000000002               0111527/002 10092500000000863590000000001N040825000000000000001440000000000000000000000000000000000000000000000212645277000150PEZAO MOLAS LTDA                        AV AMOS BERNADINO ZANCHET 1080 W  INDUST            78445000001331024000196  SUSPENFIX DIST DE PECAS AUTOMOTIVAS LTDA   000006
10000000000000000000000902117003730520000000000000100308229932   2020021170474013500000000002               0111527/003 20092500000000863590000000001N040825000000000000001440000000000000000000000000000000000000000000000212645277000150PEZAO MOLAS LTDA                        AV AMOS BERNADINO ZANCHET 1080 W  INDUST            78445000001331024000196  SUSPENFIX DIST DE PECAS AUTOMOTIVAS LTDA   000007
10000000000000000000000902117003730520000000000000100308229933   2020021170474014300000000002               0111527/004 30092500000000863590000000001N040825000000000000001440000000000000000000000000000000000000000000000212645277000150PEZAO MOLAS LTDA                        AV AMOS BERNADINO ZANCHET 1080 W  INDUST            78445000001331024000196  SUSPENFIX DIST DE PECAS AUTOMOTIVAS LTDA   000008
10000000000000000000000902117003730520000000000000100308229934   2020021170474015100000000002               0111527/005 10102500000000863590000000001N040825000000000000001440000000000000000000000000000000000000000000000212645277000150PEZAO MOLAS LTDA                        AV AMOS BERNADINO ZANCHET 1080 W  INDUST            78445000001331024000196  SUSPENFIX DIST DE PECAS AUTOMOTIVAS LTDA   000009
10000000000000000000000902117003730520000000000000100308229935   2020021170474016P00000000002               0111527/006 20102500000000863590000000001N040825000000000000001440000000000000000000000000000000000000000000000212645277000150PEZAO MOLAS LTDA                        AV AMOS BERNADINO ZANCHET 1080 W  INDUST            78445000001331024000196  SUSPENFIX DIST DE PECAS AUTOMOTIVAS LTDA   000010
10000000000000000000000902117003730520000000000000100308229936   2020021170474017800000000002               0111527/007 30102500000000863570000000001N040825000000000000001440000000000000000000000000000000000000000000000212645277000150PEZAO MOLAS LTDA                        AV AMOS BERNADINO ZANCHET 1080 W  INDUST            78445000001331024000196  SUSPENFIX DIST DE PECAS AUTOMOTIVAS LTDA   000011
10000000000000000000000902117003730520000000000000100308229937   2020021170474018600000000002               0111528/001 31082500000000809000000000001N040825000000000000001350000000000000000000000000000000000000000000000246325952000186COMERCIO DE PECAS VITORIA LTDA          RUA PEDRO ADEMAR DE VARGAR WITCEL, 440              78325000001331024000196  SUSPENFIX DIST DE PECAS AUTOMOTIVAS LTDA   000012
10000000000000000000000902117003730520000000000000100308229938   2020021170474019400000000002               0111528/002 30092500000000809000000000001N040825000000000000001350000000000000000000000000000000000000000000000246325952000186COMERCIO DE PECAS VITORIA LTDA          RUA PEDRO ADEMAR DE VARGAR WITCEL, 440              78325000001331024000196  SUSPENFIX DIST DE PECAS AUTOMOTIVAS LTDA   000013
10000000000000000000000902117003730520000000000000100308229939   2020021170474020800000000002               0111528/003 30102500000000809000000000001N040825000000000000001350000000000000000000000000000000000000000000000246325952000186COMERCIO DE PECAS VITORIA LTDA          RUA PEDRO ADEMAR DE VARGAR WITCEL, 440              78325000001331024000196  SUSPENFIX DIST DE PECAS AUTOMOTIVAS LTDA   000014
10000000000000000000000902117003730520000000000000100308229940   2020021170474021600000000002               0111528/004 29112500000000809000000000001N040825000000000000001350000000000000000000000000000000000000000000000246325952000186COMERCIO DE PECAS VITORIA LTDA          RUA PEDRO ADEMAR DE VARGAR WITCEL, 440              78325000001331024000196  SUSPENFIX DIST DE PECAS AUTOMOTIVAS LTDA   000015
10000000000000000000000902117003730520000000000000100308229941   2020021170474025900000000002               0111530/001 03092500000000799930000000001N040825000000000000001330000000000000000000000000000000000000000000000100003859857622CLAUDIR ALVES DE SIQUEIRA               ROD BR 158, 141  JD TANGARA RIBEIRAO CAS            78675970001331024000196  SUSPENFIX DIST DE PECAS AUTOMOTIVAS LTDA   000016
10000000000000000000000902117003730520000000000000100308229942   2020021170474026700000000002               0111530/002 03102500000000799920000000001N040825000000000000001330000000000000000000000000000000000000000000000100003859857622CLAUDIR ALVES DE SIQUEIRA               ROD BR 158, 141  JD TANGARA RIBEIRAO CAS            78675970001331024000196  SUSPENFIX DIST DE PECAS AUTOMOTIVAS LTDA   000017
10000000000000000000000902117003730520000000000000100308229943   2020021170474027500000000002               0111530/003 02112500000000799920000000001N040825000000000000001330000000000000000000000000000000000000000000000100003859857622CLAUDIR ALVES DE SIQUEIRA               ROD BR 158, 141  JD TANGARA RIBEIRAO CAS            78675970001331024000196  SUSPENFIX DIST DE PECAS AUTOMOTIVAS LTDA   000018
10000000000000000000000902117003730520000000000000100308229944   2020021170474028300000000002               0111530/004 02122500000000799930000000001N040825000000000000001330000000000000000000000000000000000000000000000100003859857622CLAUDIR ALVES DE SIQUEIRA               ROD BR 158, 141  JD TANGARA RIBEIRAO CAS            78675970001331024000196  SUSPENFIX DIST DE PECAS AUTOMOTIVAS LTDA   000019
10000000000000000000000902117003730520000000000000100308229945   2020021170474029100000000002               0111534/001 03092500000000472940000000001N040825000000000000000790000000000000000000000000000000000000000000000100003859857622CLAUDIR ALVES DE SIQUEIRA               ROD BR 158, 141  JD TANGARA RIBEIRAO CAS            78675970001331024000196  SUSPENFIX DIST DE PECAS AUTOMOTIVAS LTDA   000020
10000000000000000000000902117003730520000000000000100308229946   2020021170474030500000000002               0111534/002 03102500000000473010000000001N040825000000000000000790000000000000000000000000000000000000000000000100003859857622CLAUDIR ALVES DE SIQUEIRA               ROD BR 158, 141  JD TANGARA RIBEIRAO CAS            78675970001331024000196  SUSPENFIX DIST DE PECAS AUTOMOTIVAS LTDA   000021
10000000000000000000000902117003730520000000000000100308229947   2020021170474031300000000002               0111534/003 02112500000000473000000000001N040825000000000000000790000000000000000000000000000000000000000000000100003859857622CLAUDIR ALVES DE SIQUEIRA               ROD BR 158, 141  JD TANGARA RIBEIRAO CAS            78675970001331024000196  SUSPENFIX DIST DE PECAS AUTOMOTIVAS LTDA   000022
10000000000000000000000902117003730520000000000000100308229948   2020021170474032100000000002               0111533/001 03092500000000628000000000001N040825000000000000001050000000000000000000000000000000000000000000000208517105000124AUTO PECAS E TORNEADORA TDL LTDA        R QUINTINO BOCAIUVA 319 SALA TERREO  ATL            78780000001331024000196  SUSPENFIX DIST DE PECAS AUTOMOTIVAS LTDA   000023
10000000000000000000000902117003730520000000000000100308229949   2020021170474033P00000000002               0111533/002 03102500000000628000000000001N040825000000000000001050000000000000000000000000000000000000000000000208517105000124AUTO PECAS E TORNEADORA TDL LTDA        R QUINTINO BOCAIUVA 319 SALA TERREO  ATL            78780000001331024000196  SUSPENFIX DIST DE PECAS AUTOMOTIVAS LTDA   000024
10000000000000000000000902117003730520000000000000100308229950   2020021170474034800000000002               0111532/001 03092500000000881000000000001N040825000000000000001470000000000000000000000000000000000000000000000204918982000156M J DE QUEIROZ                          AV PADRE JOAO BOSCO S/N  JD TAN RIBEIRAO            78675000001331024000196  SUSPENFIX DIST DE PECAS AUTOMOTIVAS LTDA   000025
10000000000000000000000902117003730520000000000000100308229951   2020021170474035600000000002               0111532/002 03102500000000881000000000001N040825000000000000001470000000000000000000000000000000000000000000000204918982000156M J DE QUEIROZ                          AV PADRE JOAO BOSCO S/N  JD TAN RIBEIRAO            78675000001331024000196  SUSPENFIX DIST DE PECAS AUTOMOTIVAS LTDA   000026
10000000000000000000000902117003730520000000000000100308229952   2020021170474036400000000002               0111531/001 03092500000000815200000000001N040825000000000000001360000000000000000000000000000000000000000000000221582665000120AUTO PECAS E TORNEADORA MODELO LTDA     AV. OSCAR VAIDEM DE MENEZES 2050  RESIDE            78625000001331024000196  SUSPENFIX DIST DE PECAS AUTOMOTIVAS LTDA   000027
10000000000000000000000902117003730520000000000000100308229953   2020021170474037200000000002               0111531/002 18092500000000815200000000001N040825000000000000001360000000000000000000000000000000000000000000000221582665000120AUTO PECAS E TORNEADORA MODELO LTDA     AV. OSCAR VAIDEM DE MENEZES 2050  RESIDE            78625000001331024000196  SUSPENFIX DIST DE PECAS AUTOMOTIVAS LTDA   000028
10000000000000000000000902117003730520000000000000100308229954   2020021170474038000000000002               0111531/003 03102500000000815200000000001N040825000000000000001360000000000000000000000000000000000000000000000221582665000120AUTO PECAS E TORNEADORA MODELO LTDA     AV. OSCAR VAIDEM DE MENEZES 2050  RESIDE            78625000001331024000196  SUSPENFIX DIST DE PECAS AUTOMOTIVAS LTDA   000029
10000000000000000000000902117003730520000000000000100308229955   2020021170474039900000000002               0111531/004 18102500000000815200000000001N040825000000000000001360000000000000000000000000000000000000000000000221582665000120AUTO PECAS E TORNEADORA MODELO LTDA     AV. OSCAR VAIDEM DE MENEZES 2050  RESIDE            78625000001331024000196  SUSPENFIX DIST DE PECAS AUTOMOTIVAS LTDA   000030
10000000000000000000000902117003730520000000000000100308229956   2020021170474040200000000002               0111531/005 02112500000000815200000000001N040825000000000000001360000000000000000000000000000000000000000000000221582665000120AUTO PECAS E TORNEADORA MODELO LTDA     AV. OSCAR VAIDEM DE MENEZES 2050  RESIDE            78625000001331024000196  SUSPENFIX DIST DE PECAS AUTOMOTIVAS LTDA   000031
10000000000000000000000902117003730520000000000000100308229957   2020021170474043700000000002               0111535/001 03092500000000694300000000001N040825000000000000001160000000000000000000000000000000000000000000000210405198000147AUTO CENTER GUIMARAES LTDA              RUA:VISTA GAUCHA NR:223  CENTRO CANARANA            78640000001331024000196  SUSPENFIX DIST DE PECAS AUTOMOTIVAS LTDA   000032
10000000000000000000000902117003730520000000000000100308229958   2020021170474044500000000002               0111535/002 03102500000000694410000000001N040825000000000000001160000000000000000000000000000000000000000000000210405198000147AUTO CENTER GUIMARAES LTDA              RUA:VISTA GAUCHA NR:223  CENTRO CANARANA            78640000001331024000196  SUSPENFIX DIST DE PECAS AUTOMOTIVAS LTDA   000033
10000000000000000000000902117003730520000000000000100308229959   2020021170474045300000000002               0111535/003 02112500000000694410000000001N040825000000000000001160000000000000000000000000000000000000000000000210405198000147AUTO CENTER GUIMARAES LTDA              RUA:VISTA GAUCHA NR:223  CENTRO CANARANA            78640000001331024000196  SUSPENFIX DIST DE PECAS AUTOMOTIVAS LTDA   000034
9                                                                                                                                                                                                                                                                                                                                                                                                         000035
