01REMESSA01COBRANCA       00000000000004505430NASA SECURITIZADORA SA        237BRADESCO       290725        MX0000001                                                                                                                                                                                                                                                                                     000001
100000 000000000000 000902117003730520000TESTE/1              0000000000210000002P00000000002N           0  010000TESTE/28082500000000001000000000001N290725000000000000000000000000000000000000000000000000000000000000000100064359106009HAYSLLA                                 RUA ESTACIO DE SA 060 (PRQ RES UNIVERSIT            78075020APOS VENCIMENTO, COBRAR MULTA DE 2% + JUROS DE MORA DIARIA D000002
9                                                                                                                                                                                                                                                                                                                                                                                                         000003
