00100000         202785789000169002724833001417019  0004690000000445363 PACTUAL IMOVEIS E LOCACAO LTDABANCO DO BRASIL SA                      12708202511591800057603000000                                                   CSP000            
00100011R01  020 2002785789000169002724833001417019  0004690000000445363 PACTUAL IMOVEIS E LOCACAO LTDA                                                                                000005762708202500000000                                 
0010001300001P 010004690000000445363 27248330000006299   711220000006299000000509202500000000000820000000 02N2708202510709202500000000000000300000000000000000000000000000000000000000000000000000027248330000006299        3451000090000000000 
0010001300002Q 011000004063874192ANA PAULA DA COSTA SOARES               RUA D  Q 02 116                         RESIDENCIAL NOV78052808CUIABA         MT0000000000000000                                        000                            
0010001300003R 01000000000000000000000000000000000000000000000000207092025000000000000200          JUROS POR DIA DE ATRASO: 0,03                                                   0000000000000000000000000000                                 
0010001300004P 010004690000000445363 27248330000006300   711220000006300000000509202500000000000820000000 02N2708202510709202500000000000000300000000000000000000000000000000000000000000000000000027248330000006300        3451000090000000000 
0010001300005Q 011000002977537112ANA PAULA FELIX DA SILVA                AVENIDA SAO SEBASTIAO 3161              QUILOMBO       78045000CUIABA         MT0000000000000000                                        000                            
0010001300006R 01000000000000000000000000000000000000000000000000207092025000000000000200          JUROS POR DIA DE ATRASO: 0,03                                                   0000000000000000000000000000                                 
0010001300007P 010004690000000445363 27248330000006301   711220000006301000000509202500000000002420000000 02N2708202510709202500000000000000800000000000000000000000000000000000000000000000000000027248330000006301        3451000090000000000 
0010001300008Q 011000000541351176ANDERSON M LOMBARDI                     AVENIDA DOUTOR HELIO RIBEIRO  SN 01     ALVORADA       78048848CUIABA         MT0000000000000000                                        000                            
0010001300009R 01000000000000000000000000000000000000000000000000207092025000000000000200          JUROS POR DIA DE ATRASO: 0,08                                                   0000000000000000000000000000                                 
0010001300010P 010004690000000445363 27248330000006302   711220000006302000000509202500000000000820000000 02N2708202510709202500000000000000300000000000000000000000000000000000000000000000000000027248330000006302        3451000090000000000 
0010001300011Q 011000006723309111ANGELA MARIA MARQUES COSTA              AVENIDA PORFIRIA PAULA DE CAMPOS QD 8   CAPAO DO PEQUI 78134176VARZEA GRANDE  MT0000000000000000                                        000                            
0010001300012R 01000000000000000000000000000000000000000000000000207092025000000000000200          JUROS POR DIA DE ATRASO: 0,03                                                   0000000000000000000000000000                                 
0010001300013P 010004690000000445363 27248330000006303   711220000006303000000509202500000000002420000000 02N2708202510709202500000000000000800000000000000000000000000000000000000000000000000000027248330000006303        3451000090000000000 
0010001300014Q 012005011191000100BIANCARDIN CANDIA & BRESSANE ADVOGADOS  AVENIDA SAO SEBASTIAO 430 ESTACIONAMENTOQUILOMBO       78045000CUIABA         MT0000000000000000                                        000                            
0010001300015R 01000000000000000000000000000000000000000000000000207092025000000000000200          JUROS POR DIA DE ATRASO: 0,08                                                   0000000000000000000000000000                                 
0010001300016P 010004690000000445363 27248330000006304   711220000006304000001009202500000000007260000000 02N2708202511209202500000000000002400000000000000000000000000000000000000000000000000000027248330000006304        3451000090000000000 
0010001300017Q 012052568183000140BRASBIO - BRASIL BIOENERGIA LTDA        AVENIDA SAO SEBASTIAO 3151              QUILOMBO       78045000CUIABA         MT0000000000000000                                        000                            
0010001300018R 01000000000000000000000000000000000000000000000000212092025000000000000200          JUROS POR DIA DE ATRASO: 0,24                                                   0000000000000000000000000000                                 
0010001300019P 010004690000000445363 27248330000006305   711220000006305000002009202500000000002200000000 02N2708202512209202500000000000000700000000000000000000000000000000000000000000000000000027248330000006305        3451000090000000000 
0010001300020Q 012047842424000167CLAUDIO JOSE DE ASSIS FILHO SOCIEDADE INAVENIDA SAO SEBASTIAO 3161 EDIF XINGU SAQUILOMBO       78045000CUIABA         MT0000000000000000                                        000                            
0010001300021R 01000000000000000000000000000000000000000000000000222092025000000000000200          JUROS POR DIA DE ATRASO: 0,07                                                   0000000000000000000000000000                                 
0010001300022P 010004690000000445363 27248330000006306   711220000006306000000509202500000000002420000000 02N2708202510709202500000000000000800000000000000000000000000000000000000000000000000000027248330000006306        3451000090000000000 
0010001300023Q 011000000407495258CRISTIANE SILVA MIRANDA                 RUA NOTAVEL  11                         JARDIM JOCKEY C78094700CUIABA         MT0000000000000000                                        000                            
0010001300024R 01000000000000000000000000000000000000000000000000207092025000000000000200          JUROS POR DIA DE ATRASO: 0,08                                                   0000000000000000000000000000                                 
0010001300025P 010004690000000445363 27248330000006307   711220000006307000000509202500000000000820000000 02N2708202510709202500000000000000300000000000000000000000000000000000000000000000000000027248330000006307        3451000090000000000 
0010001300026Q 011000004935805145DANIELLE RODRIGUES DA SILVA             RUA O 14                                PARQUE ATALAIA 78095150CUIABA         MT0000000000000000                                        000                            
0010001300027R 01000000000000000000000000000000000000000000000000207092025000000000000200          JUROS POR DIA DE ATRASO: 0,03                                                   0000000000000000000000000000                                 
0010001300028P 010004690000000445363 27248330000006308   711220000006308000000509202500000000002420000000 02N2708202510709202500000000000000800000000000000000000000000000000000000000000000000000027248330000006308        3451000090000000000 
0010001300029Q 011000065569601104DUGAYR FRANCISCO PINHO CAMPOS           AVENIDA SENADOR FILINTO MULLER , AP 204 QUILOMBO       78043500CUIABA         MT0000000000000000                                        000                            
0010001300030R 01000000000000000000000000000000000000000000000000207092025000000000000200          JUROS POR DIA DE ATRASO: 0,08                                                   0000000000000000000000000000                                 
0010001300031P 010004690000000445363 27248330000006309   711220000006309000000509202500000000000820000000 02N2708202510709202500000000000000300000000000000000000000000000000000000000000000000000027248330000006309        3451000090000000000 
0010001300032Q 011000011238252893EDEGAR CUSTODIO DA ROCHA                RUA CUSTODIO DE MELLO 55                CIDADE ALTA    78030435CUIABA         MT0000000000000000                                        000                            
0010001300033R 01000000000000000000000000000000000000000000000000207092025000000000000200          JUROS POR DIA DE ATRASO: 0,03                                                   0000000000000000000000000000                                 
0010001300034P 010004690000000445363 27248330000006310   711220000006310000000509202500000000002420000000 02N2708202510709202500000000000000800000000000000000000000000000000000000000000000000000027248330000006310        3451000090000000000 
0010001300035Q 011000013113648890EDUARDO DE ASSIS GARCIA                 AVENIDA SAO SEBASTIAO 430               QUILOMBO       78045000CUIABA         MT0000000000000000                                        000                            
0010001300036R 01000000000000000000000000000000000000000000000000207092025000000000000200          JUROS POR DIA DE ATRASO: 0,08                                                   0000000000000000000000000000                                 
0010001300037P 010004690000000445363 27248330000006311   711220000006311000000509202500000000002420000000 02N2708202510709202500000000000000800000000000000000000000000000000000000000000000000000027248330000006311        3451000090000000000 
0010001300038Q 011000004958531190ELAYNE LUZ  MARTINS                     RUA REPUBLICA DA ARGENTINA 589          JARDIM TROPICAL78065198CUIABA         MT0000000000000000                                        000                            
0010001300039R 01000000000000000000000000000000000000000000000000207092025000000000000200          JUROS POR DIA DE ATRASO: 0,08                                                   0000000000000000000000000000                                 
0010001300040P 010004690000000445363 27248330000006312   711220000006312000000509202500000000000820000000 02N2708202510709202500000000000000300000000000000000000000000000000000000000000000000000027248330000006312        3451000090000000000 
0010001300041Q 011000063107635120ELDA MAGALHAES MARTINS DA CUNHA         RUA  G QD 12 02                         CRISTO REI     78117434VARZEA GRANDE  MT0000000000000000                                        000                            
0010001300042R 01000000000000000000000000000000000000000000000000207092025000000000000200          JUROS POR DIA DE ATRASO: 0,03                                                   0000000000000000000000000000                                 
0010001300043P 010004690000000445363 27248330000006313   711220000006313000000509202500000000002420000000 02N2708202510709202500000000000000800000000000000000000000000000000000000000000000000000027248330000006313        3451000090000000000 
0010001300044Q 011000004539577816ELIANA MARCIA FRAZON DE AZEVEDO         RUA D 01                                MORADA DO OURO 78053078CUIABA         MT0000000000000000                                        000                            
0010001300045R 01000000000000000000000000000000000000000000000000207092025000000000000200          JUROS POR DIA DE ATRASO: 0,08                                                   0000000000000000000000000000                                 
0010001300046P 010004690000000445363 27248330000006314   711220000006314000000509202500000000002420000000 02N2708202510709202500000000000000800000000000000000000000000000000000000000000000000000027248330000006314        3451000090000000000 
0010001300047Q 011000002156145180EMANUELLEN JOANA DO NASCIMENTO DE MELO  RUA ANTONIO DORILEO  250                COPHEMA        78090446CUIABA         MT0000000000000000                                        000                            
0010001300048R 01000000000000000000000000000000000000000000000000207092025000000000000200          JUROS POR DIA DE ATRASO: 0,08                                                   0000000000000000000000000000                                 
0010001300049P 010004690000000445363 27248330000006315   711220000006315000000509202500000000000820000000 02N2708202510709202500000000000000300000000000000000000000000000000000000000000000000000027248330000006315        3451000090000000000 
0010001300050Q 011000007623035142EMILLY YASMIM DE SOUZA LIMA             RUA MARGARIDA RIBEIRO HUNGRIA 1         NOSSA SENHORA D78130000VARZEA GRANDE  MT0000000000000000                                        000                            
0010001300051R 01000000000000000000000000000000000000000000000000207092025000000000000200          JUROS POR DIA DE ATRASO: 0,03                                                   0000000000000000000000000000                                 
0010001300052P 010004690000000445363 27248330000006316   711220000006316000001009202500000000012140000000 02N2708202511209202500000000000004000000000000000000000000000000000000000000000000000000027248330000006316        3451000090000000000 
0010001300053Q 012028741962000110ENDOCARDIO COM PROD MED EIRELLI         AVENIDA SAO SEBASTIAO 3161 ED. XINGU - SSANTA HELENA   78045000CUIABA         MT0000000000000000                                        000                            
0010001300054R 01000000000000000000000000000000000000000000000000212092025000000000000200          JUROS POR DIA DE ATRASO: 0,40                                                   0000000000000000000000000000                                 
0010001300055P 010004690000000445363 27248330000006317   711220000006317000000509202500000000002420000000 02N2708202510709202500000000000000800000000000000000000000000000000000000000000000000000027248330000006317        3451000090000000000 
0010001300056Q 011000089817575187ERICA CAMPOS ALVES                      AVENIDA SAO SEBASTIAO 430 ESTAC NOVO    QUILOMBO       78045000CUIABA         MT0000000000000000                                        000                            
0010001300057R 01000000000000000000000000000000000000000000000000207092025000000000000200          JUROS POR DIA DE ATRASO: 0,08                                                   0000000000000000000000000000                                 
0010001300058P 010004690000000445363 27248330000006318   711220000006318000001009202500000000016940000000 02N2708202511209202500000000000005600000000000000000000000000000000000000000000000000000027248330000006318        3451000090000000000 
0010001300059Q 012013944531000184FWA EMPREENDIMENTOS E PARTICIPACAO S.A  AVENIDA SAO SEBASTIAO 3151              QUILOMBO       78045000CUIABA         MT0000000000000000                                        000                            
0010001300060R 01000000000000000000000000000000000000000000000000212092025000000000000200          JUROS POR DIA DE ATRASO: 0,56                                                   0000000000000000000000000000                                 
0010001300061P 010004690000000445363 27248330000006319   711220000006319000000509202500000000002420000000 02N2708202510709202500000000000000800000000000000000000000000000000000000000000000000000027248330000006319        3451000090000000000 
0010001300062Q 011000000389057100HEITOR JERONIMO ALMEIDA SILVA           RUA J MARCIO 61                         CIDADE ALTA    78030010CUIABA         MT0000000000000000                                        000                            
0010001300063R 01000000000000000000000000000000000000000000000000207092025000000000000200          JUROS POR DIA DE ATRASO: 0,08                                                   0000000000000000000000000000                                 
0010001300064P 010004690000000445363 27248330000006320   711220000006320000000509202500000000000820000000 02N2708202510709202500000000000000300000000000000000000000000000000000000000000000000000027248330000006320        3451000090000000000 
0010001300065Q 011000057143153168JAINOM DA CUNHA LIMA                    RUA 19 QD 05 19                         RESIDENCIAL COX78089712CUIABA         MT0000000000000000                                        000                            
0010001300066R 01000000000000000000000000000000000000000000000000207092025000000000000200          JUROS POR DIA DE ATRASO: 0,03                                                   0000000000000000000000000000                                 
0010001300067P 010004690000000445363 27248330000006321   711220000006321000000509202500000000000820000000 02N2708202510709202500000000000000300000000000000000000000000000000000000000000000000000027248330000006321        3451000090000000000 
0010001300068Q 011000002494724147JENNYFFER  ADRIANY  PARANHOS DE MORAES  RUA 05 QD D  14                         VITORIA REGIA  78132040VARZEA GRANDE  MT0000000000000000                                        000                            
0010001300069R 01000000000000000000000000000000000000000000000000207092025000000000000200          JUROS POR DIA DE ATRASO: 0,03                                                   0000000000000000000000000000                                 
0010001300070P 010004690000000445363 27248330000006322   711220000006322000000509202500000000000820000000 02N2708202510709202500000000000000300000000000000000000000000000000000000000000000000000027248330000006322        3451000090000000000 
0010001300071Q 011000006632634176JOAO VITOR SILVA DO NASCIMENTO          RUA  73 Q 04  CPA 3 ST 5 16             MORADA DA SERRA78058344CUIABA         MT0000000000000000                                        000                            
0010001300072R 01000000000000000000000000000000000000000000000000207092025000000000000200          JUROS POR DIA DE ATRASO: 0,03                                                   0000000000000000000000000000                                 
0010001300073P 010004690000000445363 27248330000006323   711220000006323000000509202500000000002420000000 02N2708202510709202500000000000000800000000000000000000000000000000000000000000000000000027248330000006323        3451000090000000000 
0010001300074Q 011000081269757172JULIA CRISTINA DE AVILA LEITE           AVENIDA SAO SEBASTIAO 430               QUILOMBO       78045000CUIABA         MT0000000000000000                                        000                            
0010001300075R 01000000000000000000000000000000000000000000000000207092025000000000000200          JUROS POR DIA DE ATRASO: 0,08                                                   0000000000000000000000000000                                 
0010001300076P 010004690000000445363 27248330000006324   711220000006324000000509202500000000000274000000 02N2708202510709202500000000000000100000000000000000000000000000000000000000000000000000027248330000006324        3451000090000000000 
0010001300077Q 011000003411623101KAOANNE THAYNARA DE AQUINO NUNES SILVA  RUA DNER 3500                           MAPIM          78142275VARZEA GRANDE  MT0000000000000000                                        000                            
0010001300078R 01000000000000000000000000000000000000000000000000207092025000000000000200          JUROS POR DIA DE ATRASO: 0,01                                                   0000000000000000000000000000                                 
0010001300079P 010004690000000445363 27248330000006325   711220000006325000000509202500000000000820000000 02N2708202510709202500000000000000300000000000000000000000000000000000000000000000000000027248330000006325        3451000090000000000 
0010001300080Q 011000003492825109KATIA FERNANDA SANTANA DA SILVA         RUA 231 QD 64  SETOR II 10              TIJUCAL        78088030CUIABA         MT0000000000000000                                        000                            
0010001300081R 01000000000000000000000000000000000000000000000000207092025000000000000200          JUROS POR DIA DE ATRASO: 0,03                                                   0000000000000000000000000000                                 
0010001300082P 010004690000000445363 27248330000006326   711220000006326000000509202500000000002420000000 02N2708202510609202500000000000000000000000000000000000000000000000000000000000000000000027248330000006326        3451000090000000000 
0010001300083Q 011000000657959111LEANDRO JOSE DA GAMA GIRAO              AVENIDA F , APTO 203    ED SOLAR DO BOSQJARDIM ACLIMACA78050242CUIABA         MT0000000000000000                                        000                            
0010001300084R 01000000000000000000000000000000000000000000000000000000000000000000000000          JUROS POR DIA DE ATRASO: 0,00                                                   0000000000000000000000000000                                 
0010001300085P 010004690000000445363 27248330000006327   711220000006327000000509202500000000002420000000 02N2708202510709202500000000000000800000000000000000000000000000000000000000000000000000027248330000006327        3451000090000000000 
0010001300086Q 011000004525721936LEONARDO BRUNETTA                       AVENIDA SAO SEBASTIAO 3139              QUILOMBO       78045000CUIABA         MT0000000000000000                                        000                            
0010001300087R 01000000000000000000000000000000000000000000000000207092025000000000000200          JUROS POR DIA DE ATRASO: 0,08                                                   0000000000000000000000000000                                 
0010001300088P 010004690000000445363 27248330000006328   711220000006328000000509202500000000020000000000 02N2708202510709202500000000000006700000000000000000000000000000000000000000000000000000027248330000006328        3451000090000000000 
0010001300089Q 012005871240000185LOG LAB INTELIGENCIA DIGITAL LTDA       AVENIDA HISTORIADOR RUBENS DE MENDONCA 2JARDIM ACLIMACA78050280CUIABA         MT0000000000000000                                        000                            
0010001300090R 01000000000000000000000000000000000000000000000000207092025000000000000200          JUROS POR DIA DE ATRASO: 0,67                                                   0000000000000000000000000000                                 
0010001300091P 010004690000000445363 27248330000006329   711220000006329000000509202500000000000820000000 02N2708202510709202500000000000000300000000000000000000000000000000000000000000000000000027248330000006329        3451000090000000000 
0010001300092Q 011000045921156191LUCINEIA ROSANGELA DE OLIVEIRA GRILLAUD RUA 09 QD 12 25                         DOM BOSCO      78050452CUIABA         MT0000000000000000                                        000                            
0010001300093R 01000000000000000000000000000000000000000000000000207092025000000000000200          JUROS POR DIA DE ATRASO: 0,03                                                   0000000000000000000000000000                                 
0010001300094P 010004690000000445363 27248330000006330   711220000006330000000509202500000000002420000000 02N2708202510709202500000000000000800000000000000000000000000000000000000000000000000000027248330000006330        3451000090000000000 
0010001300095Q 011000060414375149MAURICIO BUENO                          RUA TRINTA E SETE 550                   SAO JOAO DEL RE78093230CUIABA         MT0000000000000000                                        000                            
0010001300096R 01000000000000000000000000000000000000000000000000207092025000000000000200          JUROS POR DIA DE ATRASO: 0,08                                                   0000000000000000000000000000                                 
0010001300097P 010004690000000445363 27248330000006331   711220000006331000000509202500000000000820000000 02N2708202510709202500000000000000300000000000000000000000000000000000000000000000000000027248330000006331        3451000090000000000 
0010001300098Q 011000000295775190MICHEL DA SILVA                         RUA E Q 11 09                           NOVA IPE       78156003VARZEA GRANDE  MT0000000000000000                                        000                            
0010001300099R 01000000000000000000000000000000000000000000000000207092025000000000000200          JUROS POR DIA DE ATRASO: 0,03                                                   0000000000000000000000000000                                 
0010001300100P 010004690000000445363 27248330000006332   711220000006332000000509202500000000001936000000 02N2708202510709202500000000000000600000000000000000000000000000000000000000000000000000027248330000006332        3451000090000000000 
0010001300101Q 011000003565628162NATHALIA LACERDA BONACCORDI             RUA SAN FRANCISCO 410                   JARDIM CALIFORN78070370CUIABA         MT0000000000000000                                        000                            
0010001300102R 01000000000000000000000000000000000000000000000000207092025000000000000200          JUROS POR DIA DE ATRASO: 0,06                                                   0000000000000000000000000000                                 
0010001300103P 010004690000000445363 27248330000006333   711220000006333000000509202500000000004840000000 02N2708202510709202500000000000001600000000000000000000000000000000000000000000000000000027248330000006333        3451000090000000000 
0010001300104Q 012028568005000134PBFB ADV ASS PAES BARROS & FORTES BARRETAVENIDA SAO SEBASTIAO 3125 SALA 303 / 30SANTA HELENA   78045000CUIABA         MT0000000000000000                                        000                            
0010001300105R 01000000000000000000000000000000000000000000000000207092025000000000000200          JUROS POR DIA DE ATRASO: 0,16                                                   0000000000000000000000000000                                 
0010001300106P 010004690000000445363 27248330000006334   711220000006334000000509202500000000000820000000 02N2708202510709202500000000000000300000000000000000000000000000000000000000000000000000027248330000006334        3451000090000000000 
0010001300107Q 011000003507096102RAFFAELA SOUZA MAZETTE CABALHEIRO       RUA COMENDADOR HENRIQUE SANTOS 112      GLORIA 2       78141062VARZEA GRANDE  MT0000000000000000                                        000                            
0010001300108R 01000000000000000000000000000000000000000000000000207092025000000000000200          JUROS POR DIA DE ATRASO: 0,03                                                   0000000000000000000000000000                                 
0010001300109P 010004690000000445363 27248330000006335   711220000006335000001009202500000000000820000000 02N2708202511209202500000000000000300000000000000000000000000000000000000000000000000000027248330000006335        3451000090000000000 
0010001300110Q 011000003629381138RERISON HIGO SOARES NEVES               AVENIDA SAO SEBASTIAO 3161 CONECT SOFT UQUILOMBO       78045000CUIABA         MT0000000000000000                                        000                            
0010001300111R 01000000000000000000000000000000000000000000000000212092025000000000000200          JUROS POR DIA DE ATRASO: 0,03                                                   0000000000000000000000000000                                 
0010001300112P 010004690000000445363 27248330000006336   711220000006336000000509202500000000000411000000 02N2708202510709202500000000000000100000000000000000000000000000000000000000000000000000027248330000006336        3451000090000000000 
0010001300113Q 011000006014881131RITA DE CASSIA RODRIGUES FIGUEIREDO     RUA RUI BARBOSA 787                     GOIABEIRA      78032120CUIABA         MT0000000000000000                                        000                            
0010001300114R 01000000000000000000000000000000000000000000000000207092025000000000000200          JUROS POR DIA DE ATRASO: 0,01                                                   0000000000000000000000000000                                 
0010001300115P 010004690000000445363 27248330000006337   711220000006337000000509202500000000000820000000 02N2708202510709202500000000000000300000000000000000000000000000000000000000000000000000027248330000006337        3451000090000000000 
0010001300116Q 011000001969067179ROBERTO CAMARA BATISTA                  RUA PRESIDENTE WENCESLAU BRAZ 300       QUILOMBO       78043508CUIABA         MT0000000000000000                                        000                            
0010001300117R 01000000000000000000000000000000000000000000000000207092025000000000000200          JUROS POR DIA DE ATRASO: 0,03                                                   0000000000000000000000000000                                 
0010001300118P 010004690000000445363 27248330000006338   711220000006338000000509202500000000002420000000 02N2708202510709202500000000000000800000000000000000000000000000000000000000000000000000027248330000006338        3451000090000000000 
0010001300119Q 012032461057000184RODOPEM AGROPECUARIA S.A                AVENIDA SAO SEBASTIAO 3139 ESTACIONAMENTQUILOMBO       78045000CUIABA         MT0000000000000000                                        000                            
0010001300120R 01000000000000000000000000000000000000000000000000207092025000000000000200          JUROS POR DIA DE ATRASO: 0,08                                                   0000000000000000000000000000                                 
0010001300121P 010004690000000445363 27248330000006339   711220000006339000000509202500000000000820000000 02N2708202510709202500000000000000300000000000000000000000000000000000000000000000000000027248330000006339        3451000090000000000 
0010001300122Q 011000070872651134RODRIGO DA SILVA CORREIA                RUA ALEMANHA Q 7 8                      JOAQUIM AUGUSTI78117020VARZEA GRANDE  MT0000000000000000                                        000                            
0010001300123R 01000000000000000000000000000000000000000000000000207092025000000000000200          JUROS POR DIA DE ATRASO: 0,03                                                   0000000000000000000000000000                                 
0010001300124P 010004690000000445363 27248330000006340   711220000006340000002509202500000000002420000000 02N2708202512709202500000000000000800000000000000000000000000000000000000000000000000000027248330000006340        3451000090000000000 
0010001300125Q 011000018274624858RODRIGO LEITE DE BARROS ZANIN           AVENIDA SAO SEBASTIAO 3125 SALA 1403 E 1SANTA HELENA   78045000CUIABA         MT0000000000000000                                        000                            
0010001300126R 01000000000000000000000000000000000000000000000000227092025000000000000200          JUROS POR DIA DE ATRASO: 0,08                                                   0000000000000000000000000000                                 
0010001300127P 010004690000000445363 27248330000006341   711220000006341000000509202500000000000820000000 02N2708202510709202500000000000000300000000000000000000000000000000000000000000000000000027248330000006341        3451000090000000000 
0010001300128Q 011000008146325130RYANN PATRICK SOUZA DO NASCIMENTO       RUA 129 Q 35 CPA 4 1 ETAPA  4           MORADA DA SERRA78058322CUIABA         MT0000000000000000                                        000                            
0010001300129R 01000000000000000000000000000000000000000000000000207092025000000000000200          JUROS POR DIA DE ATRASO: 0,03                                                   0000000000000000000000000000                                 
0010001300130P 010004690000000445363 27248330000006342   711220000006342000000509202500000000000820000000 02N2708202510709202500000000000000300000000000000000000000000000000000000000000000000000027248330000006342        3451000090000000000 
0010001300131Q 011000005614649107SUZANA CRISTINA SANTANA DE SOUSA        AVENIDA SENADOR FILINTO MULLER 155      DUQUE DE CAXIAS78043400CUIABA         MT0000000000000000                                        000                            
0010001300132R 01000000000000000000000000000000000000000000000000207092025000000000000200          JUROS POR DIA DE ATRASO: 0,03                                                   0000000000000000000000000000                                 
0010001300133P 010004690000000445363 27248330000006343   711220000006343000000509202500000000000820000000 02N2708202510709202500000000000000300000000000000000000000000000000000000000000000000000027248330000006343        3451000090000000000 
0010001300134Q 011000006453692171THIAGO FRANCA  DE OLIVEIRA              RUA PADRE REMETER 390                   LIXEIRA        78008430CUIABA         MT0000000000000000                                        000                            
0010001300135R 01000000000000000000000000000000000000000000000000207092025000000000000200          JUROS POR DIA DE ATRASO: 0,03                                                   0000000000000000000000000000                                 
0010001300136P 010004690000000445363 27248330000006344   711220000006344000000509202500000000002420000000 02N2708202510709202500000000000000800000000000000000000000000000000000000000000000000000027248330000006344        3451000090000000000 
0010001300137Q 012025304257000168TOP LIFE CORRETORA DE SEGUROS E SAUDE LTAVENIDA SAO SEBASTIAO 2368              QUILOMBO       78045000CUIABA         MT0000000000000000                                        000                            
0010001300138R 01000000000000000000000000000000000000000000000000207092025000000000000200          JUROS POR DIA DE ATRASO: 0,08                                                   0000000000000000000000000000                                 
0010001300139P 010004690000000445363 27248330000006345   711220000006345000000509202500000000012100000000 02N2708202510709202500000000000004000000000000000000000000000000000000000000000000000000027248330000006345        3451000090000000000 
0010001300140Q 012007750075000481UNIAO AVICOLA AGROINDUSTRIAL LTDA       AVENIDA SAO SEBASTIAO 3125              QUILOMBO       78045000CUIABA         MT0000000000000000                                        000                            
0010001300141R 01000000000000000000000000000000000000000000000000207092025000000000000200          JUROS POR DIA DE ATRASO: 0,40                                                   0000000000000000000000000000                                 
0010001300142P 010004690000000445363 27248330000006346   711220000006346000000509202500000000000820000000 02N2708202510709202500000000000000300000000000000000000000000000000000000000000000000000027248330000006346        3451000090000000000 
0010001300143Q 011000003596259169WANDERLAYNE PABLINE NEVES TAVARES       AVENIDA SINOP 37                        PARQUE AMPERCO 78042010CUIABA         MT0000000000000000                                        000                            
0010001300144R 01000000000000000000000000000000000000000000000000207092025000000000000200          JUROS POR DIA DE ATRASO: 0,03                                                   0000000000000000000000000000                                 
00100015         0001460000000000000000000000000000000000000000000000000000000000000000000000000000000000000000000000000000                                                                                                                     
00199999         000001000148000000                                                                                                                                                                                                             
