00100000         202785789000169002724833001417019  0004690000000445363 PACTUAL IMOVEIS E LOCACAO LTDABANCO DO BRASIL SA                      12708202511303200057503000000                                                   CSP000            
00100011R01  020 2002785789000169002724833001417019  0004690000000445363 PACTUAL IMOVEIS E LOCACAO LTDA                                                                                000005752708202500000000                                 
0010001300001P 010004690000000445363 27248330000006269   711220000006269000001009202500000000002420000000 02N2708202511209202500000000000000800000000000000000000000000000000000000000000000000000027248330000006269        3451000090000000000 
0010001300002Q 011000062170341153ADAVILSON DA SILVA MELO                 RUA JATOBA 365                          JARDIM IMPERIAL78076040CUIABA         MT0000000000000000                                        000                            
0010001300003R 01000000000000000000000000000000000000000000000000212092025000000000000200          JUROS POR DIA DE ATRASO: 0,08                                                   0000000000000000000000000000                                 
0010001300004P 010004690000000445363 27248330000006270   711220000006270000000509202500000000002420000000 02N2708202510709202500000000000000800000000000000000000000000000000000000000000000000000027248330000006270        3451000090000000000 
0010001300005Q 011000091376440172ALESSANDRO PIRES FERREIRA               AVENIDA ISAAC POVOAS   5 ANDAR 1177     POPULAR        78045440CUIABA         MT0000000000000000                                        000                            
0010001300006R 01000000000000000000000000000000000000000000000000207092025000000000000200          JUROS POR DIA DE ATRASO: 0,08                                                   0000000000000000000000000000                                 
0010001300007P 010004690000000445363 27248330000006271   711220000006271000000509202500000000000820000000 02N2708202510709202500000000000000300000000000000000000000000000000000000000000000000000027248330000006271        3451000090000000000 
0010001300008Q 011000001176489143ALEXANDRE ALVES DE OLIVEIRA             AVENIDA ISAAC POVOAS 1170 ESTAC ISAAC   POPULAR        78045440CUIABA         MT0000000000000000                                        000                            
0010001300009R 01000000000000000000000000000000000000000000000000207092025000000000000200          JUROS POR DIA DE ATRASO: 0,03                                                   0000000000000000000000000000                                 
0010001300010P 010004690000000445363 27248330000006272   711220000006272000000509202500000000002420000000 02N2708202510709202500000000000000800000000000000000000000000000000000000000000000000000027248330000006272        3451000090000000000 
0010001300011Q 011000055934684191CLAUDIO MATTOS FONSECA                  RUA 24 DE  OUTUBRO 751                  POPULAR        78032470CUIABA         MT0000000000000000                                        000                            
0010001300012R 01000000000000000000000000000000000000000000000000207092025000000000000200          JUROS POR DIA DE ATRASO: 0,08                                                   0000000000000000000000000000                                 
0010001300013P 010004690000000445363 27248330000006273   711220000006273000000509202500000000002420000000 02N2708202510709202500000000000000800000000000000000000000000000000000000000000000000000027248330000006273        3451000090000000000 
0010001300014Q 011000036859312882DANILO CARVALHO MILHOMEM DE ABREU       AVENIDA ISAAC POVOAS 5 ANDAR 1177       POPULAR        78045440CUIABA         MT0000000000000000                                        000                            
0010001300015R 01000000000000000000000000000000000000000000000000207092025000000000000200          JUROS POR DIA DE ATRASO: 0,08                                                   0000000000000000000000000000                                 
0010001300016P 010004690000000445363 27248330000006274   711220000006274000000509202500000000002420000000 02N2708202510709202500000000000000800000000000000000000000000000000000000000000000000000027248330000006274        3451000090000000000 
0010001300017Q 011000089294416100FABIO HELENE LESSA                      RUA VINTE E QUATRO DE OUTUBRO 827       CENTRO-NORTE   78005330CUIABA         MT0000000000000000                                        000                            
0010001300018R 01000000000000000000000000000000000000000000000000207092025000000000000200          JUROS POR DIA DE ATRASO: 0,08                                                   0000000000000000000000000000                                 
0010001300019P 010004690000000445363 27248330000006275   711220000006275000000509202500000000002420000000 02N2708202510709202500000000000000800000000000000000000000000000000000000000000000000000027248330000006275        3451000090000000000 
0010001300020Q 011000005967257101GABRIEL ALVES ARAUJO                    RUA CENTO E CINCO 31                    TIJUCAL        78088070CUIABA         MT0000000000000000                                        000                            
0010001300021R 01000000000000000000000000000000000000000000000000207092025000000000000200          JUROS POR DIA DE ATRASO: 0,08                                                   0000000000000000000000000000                                 
0010001300022P 010004690000000445363 27248330000006276   711220000006276000000509202500000000000820000000 02N2708202510709202500000000000000300000000000000000000000000000000000000000000000000000027248330000006276        3451000090000000000 
0010001300023Q 011000006270900107GABRIEL STROPA DO AMARAL                RUA 12 QD 5 03                          JARDIM DOS ESTA78158402VARZEA GRANDE  MT0000000000000000                                        000                            
0010001300024R 01000000000000000000000000000000000000000000000000207092025000000000000200          JUROS POR DIA DE ATRASO: 0,03                                                   0000000000000000000000000000                                 
0010001300025P 010004690000000445363 27248330000006277   711220000006277000000509202500000000002420000000 02N2708202510709202500000000000000800000000000000000000000000000000000000000000000000000027248330000006277        3451000090000000000 
0010001300026Q 011000035858284850GERALDO CARVALHO                        AVENIDA JOSE MONTEIRO DE FIGUEIREDO 784 DUQUE DE CAXIAS78043300CUIABA         MT0000000000000000                                        000                            
0010001300027R 01000000000000000000000000000000000000000000000000207092025000000000000200          JUROS POR DIA DE ATRASO: 0,08                                                   0000000000000000000000000000                                 
0010001300028P 010004690000000445363 27248330000006278   711220000006278000000509202500000000002420000000 02N2708202510709202500000000000000800000000000000000000000000000000000000000000000000000027248330000006278        3451000090000000000 
0010001300029Q 012046097546000103ILUMINARE SERVICOS DE SAUDE LTDA        AVENIDA ISAAC POVOAS EDIFICIO CONJUNTO NPOPULAR        78045440CUIABA         MT0000000000000000                                        000                            
0010001300030R 01000000000000000000000000000000000000000000000000207092025000000000000200          JUROS POR DIA DE ATRASO: 0,08                                                   0000000000000000000000000000                                 
0010001300031P 010004690000000445363 27248330000006279   711220000006279000000509202500000000002420000000 02N2708202510709202500000000000000800000000000000000000000000000000000000000000000000000027248330000006279        3451000090000000000 
0010001300032Q 011000004463387108INGRID HELENA ROCHA CAVALCANTE          RUA ATENAS 165                          DESPRAIADO     78048080CUIABA         MT0000000000000000                                        000                            
0010001300033R 01000000000000000000000000000000000000000000000000207092025000000000000200          JUROS POR DIA DE ATRASO: 0,08                                                   0000000000000000000000000000                                 
0010001300034P 010004690000000445363 27248330000006280   711220000006280000000509202500000000002420000000 02N2708202510709202500000000000000800000000000000000000000000000000000000000000000000000027248330000006280        3451000090000000000 
0010001300035Q 011000000673475174ISABELLA MAMPRIM BALBINO                AVENIDA ISAAC POVOAS SALA 601 1170 ESTACPOPULAR        78045440CUIABA         MT0000000000000000                                        000                            
0010001300036R 01000000000000000000000000000000000000000000000000207092025000000000000200          JUROS POR DIA DE ATRASO: 0,08                                                   0000000000000000000000000000                                 
0010001300037P 010004690000000445363 27248330000006281   711220000006281000000509202500000000002420000000 02N2708202510709202500000000000000800000000000000000000000000000000000000000000000000000027248330000006281        3451000090000000000 
0010001300038Q 011000088863360120JANAINA SERRA                           AVENIDA ISAAC POVOAS 1170 ESTAC ISAAC   POPULAR        78045440CUIABA         MT0000000000000000                                        000                            
0010001300039R 01000000000000000000000000000000000000000000000000207092025000000000000200          JUROS POR DIA DE ATRASO: 0,08                                                   0000000000000000000000000000                                 
0010001300040P 010004690000000445363 27248330000006282   711220000006282000000509202500000000000820000000 02N2708202510709202500000000000000300000000000000000000000000000000000000000000000000000027248330000006282        3451000090000000000 
0010001300041Q 011000005568819157JEFFERSON MARCOS RODRIGUES CORREA       RUA PROFESSOR FLORIANO SIQUEIRA DE CARVANOVO TERCEIRO  78028301CUIABA         MT0000000000000000                                        000                            
0010001300042R 01000000000000000000000000000000000000000000000000207092025000000000000200          JUROS POR DIA DE ATRASO: 0,03                                                   0000000000000000000000000000                                 
0010001300043P 010004690000000445363 27248330000006283   711220000006283000000509202500000000002420000000 02N2708202510709202500000000000000800000000000000000000000000000000000000000000000000000027248330000006283        3451000090000000000 
0010001300044Q 011000098744348134JULIANO MACHADO                         AV ISAAC POVOAS  1113                   CENTRO-NORTE   78000000CUIABA         MT0000000000000000                                        000                            
0010001300045R 01000000000000000000000000000000000000000000000000207092025000000000000200          JUROS POR DIA DE ATRASO: 0,08                                                   0000000000000000000000000000                                 
0010001300046P 010004690000000445363 27248330000006284   711220000006284000000509202500000000002420000000 02N2708202510709202500000000000000800000000000000000000000000000000000000000000000000000027248330000006284        3451000090000000000 
0010001300047Q 011000053604199115JULIO CESAR OLIVEIRA DIAS               AVENIDA DAS PALMEIRAS 255               JARDIM IMPERIAL78075850CUIABA         MT0000000000000000                                        000                            
0010001300048R 01000000000000000000000000000000000000000000000000207092025000000000000200          JUROS POR DIA DE ATRASO: 0,08                                                   0000000000000000000000000000                                 
0010001300049P 010004690000000445363 27248330000006285   711220000006285000000509202500000000000820000000 02N2708202510709202500000000000000300000000000000000000000000000000000000000000000000000027248330000006285        3451000090000000000 
0010001300050Q 011000005941424159LETICIA DE FRANCA MAIA                  RUA F-2  Q01 27                         JARDIM FORTALEZ78093430CUIABA         MT0000000000000000                                        000                            
0010001300051R 01000000000000000000000000000000000000000000000000207092025000000000000200          JUROS POR DIA DE ATRASO: 0,03                                                   0000000000000000000000000000                                 
0010001300052P 010004690000000445363 27248330000006286   711220000006286000000509202500000000000820000000 02N2708202510709202500000000000000300000000000000000000000000000000000000000000000000000027248330000006286        3451000090000000000 
0010001300053Q 011000004737496103LUCAS BEYELER BARBIERI                  RUA SAN FRANCISCO 410                   JARDIM CALIFORN78070370CUIABA         MT0000000000000000                                        000                            
0010001300054R 01000000000000000000000000000000000000000000000000207092025000000000000200          JUROS POR DIA DE ATRASO: 0,03                                                   0000000000000000000000000000                                 
0010001300055P 010004690000000445363 27248330000006287   711220000006287000000509202500000000000820000000 02N2708202510709202500000000000000300000000000000000000000000000000000000000000000000000027248330000006287        3451000090000000000 
0010001300056Q 011000053606787120MARCELO COURA CORREA                    RUA K      ED. RES. ALVORADA 333        TERRA NOVA     78050392CUIABA         MT0000000000000000                                        000                            
0010001300057R 01000000000000000000000000000000000000000000000000207092025000000000000200          JUROS POR DIA DE ATRASO: 0,03                                                   0000000000000000000000000000                                 
0010001300058P 010004690000000445363 27248330000006288   711220000006288000000509202500000000000820000000 02N2708202510709202500000000000000300000000000000000000000000000000000000000000000000000027248330000006288        3451000090000000000 
0010001300059Q 011000001488118175MARCIA MARIA APARECIDA DA SILVA         RUA JOSE DO PATROCINIO 08               PETROPLOLIS    78144402VARZEA GRANDE  MT0000000000000000                                        000                            
0010001300060R 01000000000000000000000000000000000000000000000000207092025000000000000200          JUROS POR DIA DE ATRASO: 0,03                                                   0000000000000000000000000000                                 
0010001300061P 010004690000000445363 27248330000006289   711220000006289000000509202500000000002420000000 02N2708202510709202500000000000000800000000000000000000000000000000000000000000000000000027248330000006289        3451000090000000000 
0010001300062Q 011000048762032100MARIA LAURA DA SILVA MORAES             AVENIDA ISAAC POVOAS 1170               POPULAR        78045440CUIABA         MT0000000000000000                                        000                            
0010001300063R 01000000000000000000000000000000000000000000000000207092025000000000000200          JUROS POR DIA DE ATRASO: 0,08                                                   0000000000000000000000000000                                 
0010001300064P 010004690000000445363 27248330000006290   711220000006290000000509202500000000002420000000 02N2708202510709202500000000000000800000000000000000000000000000000000000000000000000000027248330000006290        3451000090000000000 
0010001300065Q 012001868220000102ON LINE TECNOLOGIA DA INFORMACAO        AVENIDA ISAAC POVOAS 1170               POPULAR        78045440CUIABA         MT0000000000000000                                        000                            
0010001300066R 01000000000000000000000000000000000000000000000000207092025000000000000200          JUROS POR DIA DE ATRASO: 0,08                                                   0000000000000000000000000000                                 
0010001300067P 010004690000000445363 27248330000006291   711220000006291000000509202500000000004840000000 02N2708202510709202500000000000001600000000000000000000000000000000000000000000000000000027248330000006291        3451000090000000000 
0010001300068Q 011000087703360163RICARDO FERREIRA DE REZENDE             AVENIDA ISAAC POVOAS 1170               POPULAR        78045440CUIABA         MT0000000000000000                                        000                            
0010001300069R 01000000000000000000000000000000000000000000000000207092025000000000000200          JUROS POR DIA DE ATRASO: 0,16                                                   0000000000000000000000000000                                 
0010001300070P 010004690000000445363 27248330000006292   711220000006292000000509202500000000008080000000 02N2708202510709202500000000000002700000000000000000000000000000000000000000000000000000027248330000006292        3451000090000000000 
0010001300071Q 012019215190000192SAO MIGUEL ENERGIA LTDA                 FAZENDA CASCAVEL  0                     CENTRO-NORTE   78000000COSTA RICA     MS0000000000000000                                        000                            
0010001300072R 01000000000000000000000000000000000000000000000000207092025000000000000200          JUROS POR DIA DE ATRASO: 0,27                                                   0000000000000000000000000000                                 
0010001300073P 010004690000000445363 27248330000006293   711220000006293000000509202500000000002420000000 02N2708202510709202500000000000000800000000000000000000000000000000000000000000000000000027248330000006293        3451000090000000000 
0010001300074Q 011000001437092160SILCO BRITO JUNIOR                      RUA PRESIDENTE JOAO CARLOS PIMENTEL 10  COHAB CRISTO RE78120110VARZEA GRANDE  MT0000000000000000                                        000                            
0010001300075R 01000000000000000000000000000000000000000000000000207092025000000000000200          JUROS POR DIA DE ATRASO: 0,08                                                   0000000000000000000000000000                                 
0010001300076P 010004690000000445363 27248330000006294   711220000006294000000509202500000000002420000000 02N2708202510709202500000000000000800000000000000000000000000000000000000000000000000000027248330000006294        3451000090000000000 
0010001300077Q 011000096129670168THIAGO DANIEL DE FREITAS ADRIAO         AVENIDA ISAAC POVOAS 1177 SALA 901      POPULAR        78045440CUIABA         MT0000000000000000                                        000                            
0010001300078R 01000000000000000000000000000000000000000000000000207092025000000000000200          JUROS POR DIA DE ATRASO: 0,08                                                   0000000000000000000000000000                                 
0010001300079P 010004690000000445363 27248330000006295   711220000006295000000509202500000000000820000000 02N2708202510709202500000000000000300000000000000000000000000000000000000000000000000000027248330000006295        3451000090000000000 
0010001300080Q 011000002890766179THIAGO ROCHA CAMARAO                    AVENIDA ATLANTICA 237                   VILA ARTHUR    78140450VARZEA GRANDE  MT0000000000000000                                        000                            
0010001300081R 01000000000000000000000000000000000000000000000000207092025000000000000200          JUROS POR DIA DE ATRASO: 0,03                                                   0000000000000000000000000000                                 
0010001300082P 010004690000000445363 27248330000006296   711220000006296000000509202500000000002420000000 02N2708202510709202500000000000000800000000000000000000000000000000000000000000000000000027248330000006296        3451000090000000000 
0010001300083Q 011000004758112169WILLIAN DE JESUS ARAUJO MATOS           A. FILINTO MULLER  6                    SANTA ISABEL   78150740VARZEA GRANDE  MT0000000000000000                                        000                            
0010001300084R 01000000000000000000000000000000000000000000000000207092025000000000000200          JUROS POR DIA DE ATRASO: 0,08                                                   0000000000000000000000000000                                 
0010001300085P 010004690000000445363 27248330000006297   711220000006297000000509202500000000002420000000 02N2708202510709202500000000000000800000000000000000000000000000000000000000000000000000027248330000006297        3451000090000000000 
0010001300086Q 011000095375732904WILSON VENTURA DA SILVA                 RUA E-5 QD 07 18                        PARQUE CUIABA  78095338CUIABA         MT0000000000000000                                        000                            
0010001300087R 01000000000000000000000000000000000000000000000000207092025000000000000200          JUROS POR DIA DE ATRASO: 0,08                                                   0000000000000000000000000000                                 
0010001300088P 010004690000000445363 27248330000006298   711220000006298000000509202500000000000820000000 02N2708202510709202500000000000000300000000000000000000000000000000000000000000000000000027248330000006298        3451000090000000000 
0010001300089Q 011000002486795111WINICIUS ALEJANDRO SOUZA CASMA          RUA RIO GRANDE DO NORTE 113             CAMPO VELHO    78065266CUIABA         MT0000000000000000                                        000                            
0010001300090R 01000000000000000000000000000000000000000000000000207092025000000000000200          JUROS POR DIA DE ATRASO: 0,03                                                   0000000000000000000000000000                                 
00100015         0000920000000000000000000000000000000000000000000000000000000000000000000000000000000000000000000000000000                                                                                                                     
00199999         000001000094000000                                                                                                                                                                                                             
