01REMESSA01COBRANCA       00000000000001117320PALMAS SOC FOMENTO            237BRADESCO       220825        MX0000002                                                                                                                                                                                                                                                                                     000001
100000000000000000000009000109131012 0000000000000010010176636   0000000010000004300000000002               01DP/202500026082500000001533340000000001N130825000000000000000000000000000000000000000000000000000000000000000236355144000108D P DE MELO MINIMERCADO E MATERIAIS DE C904 SUL ALAMEDA 13 LOTE 48  PLANO DIRETO            77023380023758397000180  POSTO DE MOLAS AARAO LTDA                  000002
100000000000000000000009000109131012 0000000000000010010176637   0000000010000005100000000002               01DP/202500015092500000001533330000000001N130825000000000000000000000000000000000000000000000000000000000000000236355144000108D P DE MELO MINIMERCADO E MATERIAIS DE C904 SUL ALAMEDA 13 LOTE 48  PLANO DIRETO            77023380023758397000180  POSTO DE MOLAS AARAO LTDA                  000003
100000000000000000000009000109131012 0000000000000010010176638   0000000010000006P00000000002               01DP/202500005102500000001533330000000001N130825000000000000000000000000000000000000000000000000000000000000000236355144000108D P DE MELO MINIMERCADO E MATERIAIS DE C904 SUL ALAMEDA 13 LOTE 48  PLANO DIRETO            77023380023758397000180  POSTO DE MOLAS AARAO LTDA                  000004
100000000000000000000009000109131012 0000000000000010010176642   0000000010000007800000000002               01DP/202500004092500000001775000000000001N140825000000000000000000000000000000000000000000000000000000000000000207852534000195MUNDO DOS FERROS DISTRIBUIDORA DE FERROSQUADRA ASR SE 115 ALAMEDA 6, LOTE 7A SAL            77024178054293999000133  TORNEADORA TOCANTINS LTDA                  000005
100000000000000000000009000109131012 0000000000000010010176643   0000000010000008600000000002               01DP/202500030092500000001775000000000001N140825000000000000000000000000000000000000000000000000000000000000000207852534000195MUNDO DOS FERROS DISTRIBUIDORA DE FERROSQUADRA ASR SE 115 ALAMEDA 6, LOTE 7A SAL            77024178054293999000133  TORNEADORA TOCANTINS LTDA                  000006
9                                                                                                                                                                                                                                                                                                                                                                                                         000007
