01REMESSA01COBRANCA       00000000000000000000PACTUAL IMOVEIS E LOCACAO LTDA274BMP MONEY PLUS 190925        MX0000038                                                                                                                                                                                                                                                                                     000001
100000 000000000000 0000000000000000000000000000000000000000000002020000000000147300000000002N           0  01000000367330092500000000010000000000002N12082500000000000000003      0000000000000000000000000000000000000000100031691323268ALEXANDRO ELIAS BENEDETTI               AVENIDA ISAAC POVOAS 1177 POPULARCUIABA             780454400000000000000000                                            000002
9                                                                                                                                                                                                                                                                                                                                                                                                         000003
