01REMESSA01COBRANCA       00000000000000000000PACTUAL IMOVEIS E LOCACAO LTDA274BMP MONEY PLUS 220925        MX0000042                                                                                                                                                                                                                                                                                     000001
100000 000000000000 0000000000000000000000000000000000000000000002020000000000151100000000002N           0  01001149200123082500000000340010000000002N24072500000000000000112      0000000000000000000000000000000000000000226786673000102TRANSOLOS LTDA                          AV SAO SEBASTIAO  485 - CIDADE ALTA                 780304000000000000000000                                            000002
9                                                                                                                                                                                                                                                                                                                                                                                                         000003
