01REMESSA01COBRANCA       00000000000000000000PACTUAL IMOVEIS E LOCACAO LTDA274BMP MONEY PLUS 240925        MX0000043                                                                                                                                                                                                                                                                                     000001
100000 000000000000 0000000000000000000000000000000000000000000002020000000000159700000000002N           0  01000001149223082500000000340010000000002N24072500000000000000112      0000000000000000000000000000000000000000226786673000102TRANSOLOS LTDA                          AV SAO SEBASTIAO  485 - CIDADE ALTA                 780304000000000000000000                                            000002
9                                                                                                                                                                                                                                                                                                                                                                                                         000003
