01REMESSA01COBRANCA002724800460044536300000000PACTUAL IMOVEIS E LOCACAO LTDA001BMP Money Plus 020925        MX0000001                                                                                                                                                                                                                                                                                     000001
10200000000000000000000000000 00000000072483300000062697000000              10092500000000242002740000002N0209250000000000000000000000000000100000000000000                                                                                     00000000                                            000                                                                                                   000002
10200000000000000000000000000 00000000072483300000062707000000              05092500000000242002740000002N0209250000000000000000000000000000100000000000000                                                                                     00000000                                            000                                                                                                   000003
10200000000000000000000000000 00000000072483300000062717000000              05092500000000082002740000002N0209250000000000000000000000000000100000000000000                                                                                     00000000                                            000                                                                                                   000004
10200000000000000000000000000 00000000072483300000062727000000              05092500000000242002740000002N0209250000000000000000000000000000100000000000000                                                                                     00000000                                            000                                                                                                   000005
10200000000000000000000000000 00000000072483300000062737000000              05092500000000242002740000002N0209250000000000000000000000000000100000000000000                                                                                     00000000                                            000                                                                                                   000006
10200000000000000000000000000 00000000072483300000062747000000              05092500000000242002740000002N0209250000000000000000000000000000100000000000000                                                                                     00000000                                            000                                                                                                   000007
10200000000000000000000000000 00000000072483300000062757000000              05092500000000242002740000002N0209250000000000000000000000000000100000000000000                                                                                     00000000                                            000                                                                                                   000008
10200000000000000000000000000 00000000072483300000062767000000              05092500000000082002740000002N0209250000000000000000000000000000100000000000000                                                                                     00000000                                            000                                                                                                   000009
10200000000000000000000000000 00000000072483300000062777000000              05092500000000242002740000002N0209250000000000000000000000000000100000000000000                                                                                     00000000                                            000                                                                                                   000010
10200000000000000000000000000 00000000072483300000062787000000              05092500000000242002740000002N0209250000000000000000000000000000100000000000000                                                                                     00000000                                            000                                                                                                   000011
10200000000000000000000000000 00000000072483300000062797000000              05092500000000242002740000002N0209250000000000000000000000000000100000000000000                                                                                     00000000                                            000                                                                                                   000012
10200000000000000000000000000 00000000072483300000062807000000              05092500000000242002740000002N0209250000000000000000000000000000100000000000000                                                                                     00000000                                            000                                                                                                   000013
10200000000000000000000000000 00000000072483300000062817000000              05092500000000242002740000002N0209250000000000000000000000000000100000000000000                                                                                     00000000                                            000                                                                                                   000014
10200000000000000000000000000 00000000072483300000062827000000              05092500000000082002740000002N0209250000000000000000000000000000100000000000000                                                                                     00000000                                            000                                                                                                   000015
10200000000000000000000000000 00000000072483300000062837000000              05092500000000242002740000002N0209250000000000000000000000000000100000000000000                                                                                     00000000                                            000                                                                                                   000016
10200000000000000000000000000 00000000072483300000062847000000              05092500000000242002740000002N0209250000000000000000000000000000100000000000000                                                                                     00000000                                            000                                                                                                   000017
10200000000000000000000000000 00000000072483300000062857000000              05092500000000082002740000002N0209250000000000000000000000000000100000000000000                                                                                     00000000                                            000                                                                                                   000018
10200000000000000000000000000 00000000072483300000062867000000              05092500000000082002740000002N0209250000000000000000000000000000100000000000000                                                                                     00000000                                            000                                                                                                   000019
10200000000000000000000000000 00000000072483300000062877000000              05092500000000082002740000002N0209250000000000000000000000000000100000000000000                                                                                     00000000                                            000                                                                                                   000020
10200000000000000000000000000 00000000072483300000062887000000              05092500000000082002740000002N0209250000000000000000000000000000100000000000000                                                                                     00000000                                            000                                                                                                   000021
10200000000000000000000000000 00000000072483300000062897000000              05092500000000242002740000002N0209250000000000000000000000000000100000000000000                                                                                     00000000                                            000                                                                                                   000022
10200000000000000000000000000 00000000072483300000062907000000              05092500000000242002740000002N0209250000000000000000000000000000100000000000000                                                                                     00000000                                            000                                                                                                   000023
10200000000000000000000000000 00000000072483300000062917000000              05092500000000484002740000002N0209250000000000000000000000000000100000000000000                                                                                     00000000                                            000                                                                                                   000024
10200000000000000000000000000 00000000072483300000062927000000              05092500000000808002740000002N0209250000000000000000000000000000100000000000000                                                                                     00000000                                            000                                                                                                   000025
10200000000000000000000000000 00000000072483300000062937000000              05092500000000242002740000002N0209250000000000000000000000000000100000000000000                                                                                     00000000                                            000                                                                                                   000026
10200000000000000000000000000 00000000072483300000062947000000              05092500000000242002740000002N0209250000000000000000000000000000100000000000000                                                                                     00000000                                            000                                                                                                   000027
10200000000000000000000000000 00000000072483300000062957000000              05092500000000082002740000002N0209250000000000000000000000000000100000000000000                                                                                     00000000                                            000                                                                                                   000028
10200000000000000000000000000 00000000072483300000062967000000              05092500000000242002740000002N0209250000000000000000000000000000100000000000000                                                                                     00000000                                            000                                                                                                   000029
10200000000000000000000000000 00000000072483300000062977000000              05092500000000242002740000002N0209250000000000000000000000000000100000000000000                                                                                     00000000                                            000                                                                                                   000030
10200000000000000000000000000 00000000072483300000062987000000              05092500000000082002740000002N0209250000000000000000000000000000100000000000000                                                                                     00000000                                            000                                                                                                   000031
90000300000000662800                                                                                                                                                                                                                                                                                                                                                                                      000032
